<record><leader>00000cas a22000007a 4500</leader><controlfield tag="001">19418742</controlfield><controlfield tag="008">890323d18451852mouwr ne      0   a0eng d</controlfield><datafield ind1=" " ind2=" " tag="010"><subfield code="a">sn 89066057 </subfield></datafield><datafield ind1=" " ind2=" " tag="040"><subfield code="a">MQN</subfield><subfield code="b">eng</subfield><subfield code="c">MQN</subfield><subfield code="d">NVF</subfield><subfield code="d">OCL</subfield><subfield code="d">DLC</subfield><subfield code="d">MXM</subfield><subfield code="d">DLC</subfield><subfield code="d">OCLCF</subfield></datafield><datafield ind1="0" ind2=" " tag="022"><subfield code="a">2326-7895</subfield><subfield code="2">1</subfield></datafield><datafield ind1=" " ind2=" " tag="042"><subfield code="a">msc</subfield><subfield code="a">nsdp</subfield></datafield><datafield ind1=" " ind2=" " tag="043"><subfield code="a">n-us-mo</subfield></datafield><datafield ind1="0" ind2="0" tag="050"><subfield code="a">Newspaper</subfield></datafield><datafield ind1="0" ind2="0" tag="082"><subfield code="a">071</subfield><subfield code="2">23</subfield></datafield><datafield ind1="0" ind2=" " tag="130"><subfield code="a">Democratic banner (Bowling Green, Mo.)</subfield></datafield><datafield ind1=" " ind2="0" tag="222"><subfield code="a">Democratic banner (Bowling Green, Mo. Print)</subfield></datafield><datafield ind1="1" ind2="0" tag="245"><subfield code="a">Democratic banner.</subfield></datafield><datafield ind1=" " ind2=" " tag="260"><subfield code="a">Bowling Green, Pike County, Mo. :</subfield><subfield code="b">A.J. Pickens</subfield></datafield><datafield ind1=" " ind2=" " tag="300"><subfield code="a">v.</subfield></datafield><datafield ind1=" " ind2=" " tag="310"><subfield code="a">Weekly</subfield></datafield><datafield ind1="0" ind2=" " tag="362"><subfield code="a">Vol. 1, no. 1 (Feb. 1, 1845)-</subfield></datafield><datafield ind1="1" ind2=" " tag="362"><subfield code="a">Ceased in 1852?</subfield></datafield><datafield ind1=" " ind2=" " tag="500"><subfield code="a">Published in Louisiana, Mo., Apr. 18, 1846-&lt;July 9, 1851&gt;.</subfield></datafield><datafield ind1=" " ind2=" " tag="530"><subfield code="a">Archived issues are available in digital format as part of the Library of Congress Chronicling America online collection.</subfield></datafield><datafield ind1=" " ind2="0" tag="651"><subfield code="a">Bowling Green (Mo.)</subfield><subfield code="v">Newspapers.</subfield></datafield><datafield ind1=" " ind2="0" tag="651"><subfield code="a">Louisiana (Mo.)</subfield><subfield code="v">Newspapers.</subfield></datafield><datafield ind1=" " ind2="0" tag="651"><subfield code="a">Pike County (Mo.)</subfield><subfield code="v">Newspapers.</subfield></datafield><datafield ind1=" " ind2="7" tag="655"><subfield code="a">Newspapers.</subfield><subfield code="2">fast</subfield><subfield code="0">(OCoLC)fst01423814</subfield></datafield><datafield ind1=" " ind2="7" tag="651"><subfield code="a">Missouri</subfield><subfield code="z">Bowling Green.</subfield><subfield code="2">fast</subfield><subfield code="0">(OCoLC)fst01220824</subfield></datafield><datafield ind1=" " ind2="7" tag="651"><subfield code="a">Missouri</subfield><subfield code="z">Louisiana.</subfield><subfield code="2">fast</subfield><subfield code="0">(OCoLC)fst01228103</subfield></datafield><datafield ind1=" " ind2="7" tag="651"><subfield code="a">Missouri</subfield><subfield code="z">Pike County.</subfield><subfield code="2">fast</subfield><subfield code="0">(OCoLC)fst01221112</subfield></datafield><datafield ind1=" " ind2=" " tag="752"><subfield code="a">United States</subfield><subfield code="b">Missouri</subfield><subfield code="c">Pike</subfield><subfield code="d">Louisiana.</subfield></datafield><datafield ind1=" " ind2=" " tag="752"><subfield code="a">United States</subfield><subfield code="b">Missouri</subfield><subfield code="c">Pike</subfield><subfield code="d">Bowling Green.</subfield></datafield><datafield ind1="1" ind2=" " tag="776"><subfield code="t">Democratic banner (Bowling Green, Mo. : Online)</subfield><subfield code="x">2326-7909</subfield><subfield code="w">(DLC)  2013218564</subfield><subfield code="w">(OCoLC)828107063</subfield></datafield><datafield ind1="0" ind2="0" tag="780"><subfield code="t">Radical (Bowling Green, Mo.)</subfield><subfield code="x">2326-7860</subfield><subfield code="w">(DLC)sn 83016922</subfield><subfield code="w">(OCoLC)10205545</subfield></datafield><datafield ind1="4" ind2="1" tag="856"><subfield code="u">http://www.loc.gov/chroniclingamerica/lccn/sn89066057/issues</subfield></datafield></record>